<record><leader>00000cas a22000007a 4500</leader><controlfield tag="001">11659557</controlfield><controlfield tag="008">850205d18561857inuwr ne      0    0eng d</controlfield><datafield ind1=" " ind2=" " tag="010"><subfield code="a">sn 85038040 </subfield></datafield><datafield ind1=" " ind2=" " tag="040"><subfield code="a">NPY</subfield><subfield code="b">eng</subfield><subfield code="c">NPY</subfield><subfield code="d">NPI</subfield><subfield code="d">OCLCQ</subfield></datafield><datafield ind1=" " ind2=" " tag="042"><subfield code="a">msc</subfield></datafield><datafield ind1="0" ind2=" " tag="130"><subfield code="a">Weekly Montgomery journal (Crawfordsville, Ind.)</subfield></datafield><datafield ind1="1" ind2="0" tag="245"><subfield code="a">Weekly Montgomery journal.</subfield></datafield><datafield ind1="3" ind2="0" tag="246"><subfield code="a">Weekly journal</subfield></datafield><datafield ind1=" " ind2=" " tag="260"><subfield code="a">Crawfordsville, Ind. :</subfield><subfield code="b">W.H. Foust</subfield></datafield><datafield ind1=" " ind2=" " tag="310"><subfield code="a">Weekly</subfield></datafield><datafield ind1="1" ind2=" " tag="362"><subfield code="a">Began in Aug. 1856; ceased in 1857?</subfield></datafield><datafield ind1=" " ind2=" " tag="500"><subfield code="a">Title without logo: Weekly journal.</subfield></datafield><datafield ind1=" " ind2=" " tag="588"><subfield code="a">Description based on: Vol. 9, no. 15 (Dec. 4, 1856).</subfield></datafield><datafield ind1=" " ind2=" " tag="752"><subfield code="a">United States</subfield><subfield code="b">Indiana</subfield><subfield code="c">Montgomery</subfield><subfield code="d">Crawfordsville.</subfield></datafield><datafield ind1="0" ind2="0" tag="780"><subfield code="t">Montgomery journal (Crawfordsville, Ind.)</subfield><subfield code="w">(DLC)sn 87055416</subfield></datafield><datafield ind1="0" ind2="0" tag="785"><subfield code="t">Crawfordsville journal (Crawfordsville, Ind. : Weekly : l857)</subfield><subfield code="w">(DLC)sn 84027302</subfield></datafield></record>